<?xml version="1.0" encoding="UTF-8"?><collection xmlns="http://www.loc.gov/MARC21/slim"><record><leader>00421nam--2200145-i-4500</leader><controlfield tag="001">000015901</controlfield><controlfield tag="002">20161230</controlfield><controlfield tag="005">20161230201031</controlfield><controlfield tag="008">060222s1000------------r-----000-0-eng-d</controlfield><datafield ind1=" " ind2=" " tag="080"><subfield code="a">621.039.5</subfield></datafield><datafield ind1=" " ind2=" " tag="245"><subfield code="a">Advances in nuclear science and technology</subfield></datafield><datafield ind1=" " ind2=" " tag="260"><subfield code="a">New York, Plenum Press, 1986. Xix+489p</subfield></datafield><datafield ind1=" " ind2=" " tag="490"><subfield code="a">Advances In Nuclear Science And Technology</subfield></datafield><datafield ind1=" " ind2=" " tag="700"><subfield code="a">Lewins, Jeffery And Becker, Martin</subfield></datafield><datafield ind1=" " ind2=" " tag="852"><subfield code="a">17943</subfield></datafield></record></collection>